@article{yue2005dispersion,
  title={Dispersion-reducing finite elements for transient acoustics},
  author={Yue, Bin and Guddati, Murthy N},
  journal={The Journal of the Acoustical Society of America},
  volume={118},
  number={4},
  pages={2132--2141},
  year={2005},
  publisher={ASA}
}

@article{hoffelner2001finite,
  title={Finite element simulation of nonlinear wave propagation in thermoviscous fluids including dissipation},
  author={Hoffelner, Johann and Landes, Hermann and Kaltenbacher, Manfred and Lerch, Reinhard},
  journal={IEEE {T}ransactions on {U}ltrasonics, {F}erroelectrics, and {F}requency control},
  volume={48},
  number={3},
  pages={779--786},
  year={2001},
  publisher={IEEE}
}

@article{haddadi2018analysis,
  title={Analysis of nonlinear acoustic wave propagation in HIFU treatment using Westervelt equation},
  author={Haddadi, Samaneh and Ahmadian, Mohammad Taghi},
  journal={Scientia Iranica},
  volume={25},
  number={4},
  pages={2087--2097},
  year={2018},
  publisher={Sharif University of Technology}
}

@book{trefethen1997numerical,
  title={Numerical linear algebra},
  author={Trefethen, Lloyd N and Bau III, David},
  volume={50},
  year={1997},
  publisher={Siam}
}

@book{hughes2012finite,
  title={The finite element method: linear static and dynamic finite element analysis},
  author={Hughes, Thomas JR},
  year={2012},
  publisher={Courier Corporation}
}

@article{walsh2007finite,
  title={Finite element methods for nonlinear acoustics in fluids},
  author={Walsh, Timothy and Torres, Monica},
  journal={Journal of Computational Acoustics},
  volume={15},
  number={03},
  pages={353--375},
  year={2007},
  publisher={World Scientific}
}

@article{gu2015modeling,
  title={Modeling of {W}ave {P}ropagation for {M}edical {U}ltrasound: {A} {R}eview},
  author={Gu, Juanjuan and Jing, Yun},
  journal={IEEE {T}ransactions on {U}ltrasonics, {F}erroelectrics, and {F}requency {C}ontrol},
  volume={62},
  number={11},
  pages={1979--1992},
  year={2015},
  publisher={IEEE}
}

@inproceedings{wojcik1995nonlinear,
  title={Nonlinear modeling of therapeutic ultrasound},
  author={Wojcik, G and Mould, J and Abboud, N and Ostromogilsky, M and Vaughan, D},
  booktitle={1995 IEEE Ultrasonics Symposium. Proceedings. An International Symposium},
  volume={2},
  pages={1617--1622},
  year={1995},
  organization={IEEE}
}
@inproceedings{wojcik1999nonlinear,
  title={Nonlinear pulse calculations and data in water and a tissue mimic},
  author={Wojcik, Greg and Szabo, Tom and Mould, John and Carcione, Laura and Clougherty, Fran},
  booktitle={1999 IEEE Ultrasonics Symposium. Proceedings. International Symposium (Cat. No. 99CH37027)},
  volume={2},
  pages={1521--1526},
  year={1999},
  organization={IEEE}
}
@inproceedings{wojcik1997pseudospectral,
  title={Pseudospectral methods for large-scale bioacoustic models},
  author={Wojcik, G and Fomberg, B and Waag, R and Carcione, L and Mould, J and Nikodym, L and Driscoll, T},
  booktitle={1997 IEEE Ultrasonics Symposium Proceedings. An International Symposium (Cat. No. 97CH36118)},
  volume={2},
  pages={1501--1506},
  year={1997},
  organization={IEEE}
}

@article{bojarski1985k,
  title={The k-space formulation of the scattering problem in the time domain: An improved single propagator formulation},
  author={Bojarski, Norbert N},
  journal={The Journal of the Acoustical Society of America},
  volume={77},
  number={3},
  pages={826--831},
  year={1985},
  publisher={ASA}
}

@article{bojarski1982k,
  title={The k-space formulation of the scattering problem in the time domain},
  author={Bojarski, Norbert N},
  journal={The Journal of the Acoustical Society of America},
  volume={72},
  number={2},
  pages={570--584},
  year={1982},
  publisher={ASA}
}

@article{van2015fast,
  title={A fast boundary element method for the scattering analysis of high-intensity focused ultrasound},
  author={van 't Wout, Elwin and G{\'e}lat, Pierre and Betcke, Timo and Arridge, Simon},
  journal={The Journal of the Acoustical Society of America},
  volume={138},
  number={5},
  pages={2726--2737},
  year={2015},
  publisher={ASA}
}

@article{treeby2010modeling,
  title={Modeling power law absorption and dispersion for acoustic propagation using the fractional Laplacian},
  author={Treeby, Bradley E and Cox, BT},
  journal={The Journal of the Acoustical Society of America},
  volume={127},
  number={5},
  pages={2741--2748},
  year={2010},
  publisher={Acoustical Society of America}
}

@article{treeby2012modeling,
  title={Modeling nonlinear ultrasound propagation in heterogeneous media with power law absorption using a k-space pseudospectral method},
  author={Treeby, Bradley E and Jaros, Jiri and Rendell, Alistair P and Cox, BT},
  journal={The Journal of the Acoustical Society of America},
  volume={131},
  number={6},
  pages={4324--4336},
  year={2012},
  publisher={ASA}
}

@article{grote2006discontinuous,
	title={Discontinuous Galerkin finite element method for the wave equation},
	author={Grote, Marcus J and Schneebeli, Anna and Sch{\"o}tzau, Dominik},
	journal={SIAM Journal on Numerical Analysis},
	volume={44},
	number={6},
	pages={2408--2431},
	year={2006},
	publisher={SIAM}
}

@article{betcke2017overresolving,
  title={Overresolving in the Laplace domain for convolution quadrature methods},
  author={Betcke, Timo and Salles, Nicolas and Smigaj, Wojciech},
  journal={SIAM Journal on Scientific Computing},
  volume={39},
  number={1},
  pages={A188--A213},
  year={2017},
  publisher={SIAM}
}

@article{rasmussen2008analytical,
  title={Analytical and numerical modeling of front propagation and interaction of fronts in nonlinear thermoviscous fluids including dissipation},
  author={Rasmussen, Anders R and S{\o}rensen, Mads P and Gaididei, Yuri B and Christiansen, Peter L},
  journal={arXiv preprint arXiv:0806.0105},
  year={2008}
}

@article{chandler2007boundary,
	title={Boundary element methods for acoustics},
	author={Chandler-Wilde, Simon and Langdon, Steve},
	journal={Lecture notes, University of Reading, Department of Mathematics},
	year={2007}
}

@article{draine1994discrete,
  title={Discrete-dipole approximation for scattering calculations},
  author={Draine, Bruce T and Flatau, Piotr J},
  journal={The {J}ournal of the {O}ptical {S}ociety of {A}merica {A}},
  volume={11},
  number={4},
  pages={1491--1499},
  year={1994},
  publisher={Optical Society of America}
}

@article{tsuchiya1991finite,
  title={Finite element analysis of focusing field in nonlinear acoustic waves},
  author={Tsuchiya, Takao and Kagawa, Yukio},
  journal={Japanese Journal of Applied Physics},
  volume={30},
  number={S1},
  pages={51},
  year={1991},
  publisher={IOP Publishing}
}

@inproceedings{cai2000parallel,
  title={Parallel simulation of 3{D} nonlinear acoustic fields on a Linux-cluster},
  author={Cai, Xing and Odegard, A},
  booktitle={Proceedings IEEE International Conference on Cluster Computing. CLUSTER 2000},
  pages={185--192},
  year={2000},
  organization={IEEE}
}

@article{jing2007modeling,
  title={Modeling the propagation of nonlinear three-dimensional acoustic beams in inhomogeneous media},
  author={Jing, Yuan and Cleveland, Robin O},
  journal={The Journal of the Acoustical Society of America},
  volume={122},
  number={3},
  pages={1352--1364},
  year={2007},
  publisher={ASA}
}

@article{campos1999finite,
  title={Finite-element analysis of the nonlinear propagation of high-intensity acoustic waves},
  author={Campos-Pozuelo, Cleof{\'e} and Dubus, Bertrand and Gallego-Ju{\'a}rez, Juan Antonio},
  journal={The Journal of the Acoustical Society of America},
  volume={106},
  number={1},
  pages={91--101},
  year={1999},
  publisher={ASA}
}

@article{ainsworth2004dispersive,
  title={Dispersive and dissipative behaviour of high order discontinuous Galerkin finite element methods},
  author={Ainsworth, Mark},
  journal={Journal of Computational Physics},
  volume={198},
  number={1},
  pages={106--130},
  year={2004},
  publisher={Elsevier}
}

@article{ainsworth2006dispersive,
  title={Dispersive and dissipative properties of discontinuous Galerkin finite element methods for the second-order wave equation},
  author={Ainsworth, Mark and Monk, Peter and Muniz, Wagner},
  journal={Journal of Scientific Computing},
  volume={27},
  number={1-3},
  pages={5--40},
  year={2006},
  publisher={Springer}
}

@article{ainsworth2004discrete,
  title={Discrete dispersion relation for hp-version finite element approximation at high wave number},
  author={Ainsworth, Mark},
  journal={SIAM Journal on Numerical Analysis},
  volume={42},
  number={2},
  pages={553--575},
  year={2004},
  publisher={SIAM}
}

@article{ainsworth2009dispersive,
  title={Dispersive and dissipative behavior of the spectral element method},
  author={Ainsworth, Mark and Wajid, Hafiz Abdul},
  journal={SIAM Journal on Numerical Analysis},
  volume={47},
  number={5},
  pages={3910--3937},
  year={2009},
  publisher={SIAM}
}

@article{du2013fast,
  title={Fast simulation of non-linear pulsed ultrasound fields using an angular spectrum approach},
  author={Du, Yigang and Jensen, J{\o}rgen Arendt},
  journal={Ultrasonics},
  volume={53},
  number={2},
  pages={588--594},
  year={2013},
  publisher={Elsevier}
}

@article{gao2017comparison,
  title={Comparison of artificial absorbing boundaries for acoustic wave equation modelling},
  author={Gao, Yingjie and Song, Hanjie and Zhang, Jinhai and Yao, Zhenxing},
  journal={Exploration Geophysics},
  volume={48},
  number={1},
  pages={76--93},
  year={2017},
  publisher={Taylor \& Francis}
}

@article{fritz2018well,
  title={Well-posedness and numerical treatment of the Blackstock equation in nonlinear acoustics},
  author={Fritz, Marvin and Nikoli{\'c}, Vanja and Wohlmuth, Barbara},
  journal={arXiv preprint arXiv:1806.05227},
  year={2018}
}

@article{muhr2017isogeometric,
  title={Isogeometric shape optimization for nonlinear ultrasound focusing},
  author={Muhr, Markus and Nikoli{\'c}, Vanja and Wohlmuth, Barbara and Wunderlich, Linus},
  journal={arXiv preprint arXiv:1712.05228},
  year={2017}
}

@article{aanonsen1984distortion,
  title={Distortion and harmonic generation in the nearfield of a finite amplitude sound beam},
  author={Aanonsen, Sigurd Ivar and Barkve, Tor and Tjo/tta, Jacqueline Naze and Tjo/tta, Sigve},
  journal={The Journal of the Acoustical Society of America},
  volume={75},
  number={3},
  pages={749--768},
  year={1984},
  publisher={ASA}
}

@article{rassmusen2011interacting,
  title={Interacting wave fronts and rarefaction waves in a second order model of nonlinear thermoviscous fluids},
  author={Rassmusen, Anders R{\o}nne and S{\o}rensen, Mads Peter and Gaididei, Yuri Borisovich and Christiansen, Peter Leth},
  journal={Acta applicandae mathematicae},
  volume={115},
  number={1},
  pages={43--61},
  year={2011},
  publisher={Springer}
}

@article{jordan2016survey,
  title={A survey of weakly-nonlinear acoustic models: 1910--2009},
  author={Jordan, PM},
  journal={Mechanics Research Communications},
  volume={73},
  pages={127--139},
  year={2016},
  publisher={Elsevier}
}

@book{hamilton1998nonlinear,
  title={Nonlinear acoustics},
  author={Hamilton, Mark F and Blackstock, David T and others},
  volume={237},
  year={1998},
  publisher={Academic press San Diego}
}

@article{hesthaven2018non,
  title={Non-intrusive reduced order modeling of nonlinear problems using neural networks},
  author={Hesthaven, Jan S and Ubbiali, Stefano},
  journal={Journal of Computational Physics},
  volume={363},
  pages={55--78},
  year={2018},
  publisher={Elsevier}
}

@article{pillage1990asymptotic,
  title={Asymptotic waveform evaluation for timing analysis},
  author={Pillage, Lawrence T and Rohrer, Ronald A},
  journal={IEEE Transactions on Computer-Aided Design of Integrated Circuits and Systems},
  volume={9},
  number={4},
  pages={352--366},
  year={1990},
  publisher={IEEE}
}

@incollection{chiprout1994asymptotic,
  title={Asymptotic waveform evaluation},
  author={Chiprout, Eli and Nakhla, Michel S},
  booktitle={Asymptotic Waveform Evaluation},
  pages={15--39},
  year={1994},
  publisher={Springer}
}

@phdthesis{grimme1997krylov,
  title={Krylov projection methods for model reduction},
  author={Grimme, Eric},
  year={1997}
}

@book{hesthaven2016certified,
  title={Certified reduced basis methods for parametrized partial differential equations},
  author={Hesthaven, Jan S and Rozza, Gianluigi and Stamm, Benjamin and others},
  year={2016},
  publisher={Springer}
}

@article{ganesh2012reduced,
  title={A reduced basis method for electromagnetic scattering by multiple particles in three dimensions},
  author={Ganesh, MAHADEVAN and Hesthaven, Jan S and Stamm, Benjamin},
  journal={Journal of Computational Physics},
  volume={231},
  number={23},
  pages={7756--7779},
  year={2012},
  publisher={Elsevier}
}

@article{hammerschmidt2016reduced,
  title={Reduced basis method for the electromagnetic scattering problem: a case study for FinFETs},
  author={Hammerschmidt, Martin and Herrmann, Sven and Burger, Sven and Pomplun, Jan and Schmidt, Frank},
  journal={Optical and Quantum Electronics},
  volume={48},
  number={4},
  pages={250},
  year={2016},
  publisher={Springer}
}

@article{guo2019data,
  title={Data-driven reduced order modeling for time-dependent problems},
  author={Guo, Mengwu and Hesthaven, Jan S},
  journal={Computer methods in applied mechanics and engineering},
  volume={345},
  pages={75--99},
  year={2019},
  publisher={Elsevier}
}

@article{higham2018deep,
  title={Deep learning: An introduction for applied mathematicians},
  author={Higham, Catherine F and Higham, Desmond J},
  journal={arXiv preprint arXiv:1801.05894},
  year={2018}
}

@incollection{georgoulis2011discontinuous,
	title={Discontinuous Galerkin methods for linear problems: an introduction},
	author={Georgoulis, Emmanuil H},
	booktitle={Approximation Algorithms for Complex Systems},
	pages={91--126},
	year={2011},
	publisher={Springer}
}

@book{taflove2005computational,
  title={Computational electrodynamics: the finite-difference time-domain method},
  author={Taflove, Allen and Hagness, Susan C},
  year={2005},
  publisher={Artech house}
}

@article{chalmers2020robust,
  title={A robust {C}{F}{L} condition for the discontinuous Galerkin method on triangular meshes},
  author={Chalmers, N and Krivodonova, L},
  journal={Journal of Computational Physics},
  volume={403},
  pages={109095},
  year={2020},
  publisher={Elsevier}
}

@article{cockburn1990runge,
  title={The Runge-Kutta local projection discontinuous Galerkin finite element method for conservation laws. IV. The multidimensional case},
  author={Cockburn, Bernardo and Hou, Suchung and Shu, Chi-Wang},
  journal={Mathematics of Computation},
  volume={54},
  number={190},
  pages={545--581},
  year={1990}
}

@article{johnson2008notes,
  title={Notes on perfectly matched layers ({P}{M}{L}s)},
  author={Johnson, Steven G},
  journal={Lecture notes, Massachusetts Institute of Technology, Massachusetts},
  volume={29},
  year={2008}
}

@article{berenger1994perfectly,
  title={A perfectly matched layer for the absorption of electromagnetic waves},
  author={Berenger, Jean-Pierre and others},
  journal={Journal of computational physics},
  volume={114},
  number={2},
  pages={185--200},
  year={1994},
  publisher={New York, Academic Press.}
}

@article{oskooi2008failure,
  title={The failure of perfectly matched layers, and towards their redemption by adiabatic absorbers},
  author={Oskooi, Ardavan F and Zhang, Lei and Avniel, Yehuda and Johnson, Steven G},
  journal={Optics Express},
  volume={16},
  number={15},
  pages={11376--11392},
  year={2008},
  publisher={Optical Society of America}
}

@article{tambova2018adiabatic,
  title={Adiabatic absorbers in photonics simulations with the volume integral equation method},
  author={Tambova, Alexandra and Groth, Samuel P and White, Jacob K and Polimeridis, Athanasios G},
  journal={Journal of Lightwave Technology},
  volume={36},
  number={17},
  pages={3765--3777},
  year={2018},
  publisher={IEEE}
}

@article{bayliss1982boundary,
  title={Boundary conditions for the numerical solution of elliptic equations in exterior regions},
  author={Bayliss, Alvin and Gunzburger, Max and Turkel, Eli},
  journal={SIAM Journal on Applied Mathematics},
  volume={42},
  number={2},
  pages={430--451},
  year={1982},
  publisher={SIAM}
}

@article{bayliss1980radiation,
  title={Radiation boundary conditions for wave-like equations},
  author={Bayliss, Alvin and Turkel, Eli},
  journal={Communications on Pure and applied Mathematics},
  volume={33},
  number={6},
  pages={707--725},
  year={1980},
  publisher={Wiley Online Library}
}

@article{villamizar2017high,
  title={High order local absorbing boundary conditions for acoustic waves in terms of farfield expansions},
  author={Villamizar, Vianey and Acosta, Sebastian and Dastrup, Blake},
  journal={Journal of Computational Physics},
  volume={333},
  pages={331--351},
  year={2017},
  publisher={Elsevier}
}

@article{rosnitskiy2016design,
  title={Design of HIFU transducers for generating specified nonlinear ultrasound fields},
  author={Rosnitskiy, Pavel B and Yuldashev, Petr V and Sapozhnikov, Oleg A and Maxwell, Adam D and Kreider, Wayne and Bailey, Michael R and Khokhlova, Vera A},
  journal={IEEE {T}ransactions on {U}ltrasonics, {F}erroelectrics, and {F}requency control},
  volume={64},
  number={2},
  pages={374--390},
  year={2016},
  publisher={IEEE}
}

@article{yuldashev2011simulation,
  title={Simulation of three-dimensional nonlinear fields of ultrasound therapeutic arrays},
  author={Yuldashev, PV and Khokhlova, VA},
  journal={Acoustical physics},
  volume={57},
  number={3},
  pages={334--343},
  year={2011},
  publisher={Springer}
}

@article{karzova2017shock,
  title={Shock formation and nonlinear saturation effects in the ultrasound field of a diagnostic curvilinear probe},
  author={Karzova, Maria M and Yuldashev, Petr V and Sapozhnikov, Oleg A and Khokhlova, Vera A and Cunitz, Bryan W and Kreider, Wayne and Bailey, Michael R},
  journal={The Journal of the Acoustical Society of America},
  volume={141},
  number={4},
  pages={2327--2337},
  year={2017},
  publisher={Acoustical Society of America}
}

@article{kreider2013characterization,
  title={Characterization of a multi-element clinical HIFU system using acoustic holography and nonlinear modeling},
  author={Kreider, Wayne and Yuldashev, Petr V and Sapozhnikov, Oleg A and Farr, Navid and Partanen, Ari and Bailey, Michael R and Khokhlova, Vera A},
  journal={IEEE transactions on ultrasonics, ferroelectrics, and frequency control},
  volume={60},
  number={8},
  pages={1683--1698},
  year={2013},
  publisher={IEEE}
}

@manual{HITUwebpage,
      title  = "HITU Simulator",
      author = "Joshua Soneson",
      url    = "https://www.fda.gov/about-fda/cdrh-offices/hitu-simulator",
      year   = "Accessed: 2020-05-06"
  }

@article{soneson2017extending,
  title={Extending the utility of the parabolic approximation in medical ultrasound using wide-angle diffraction modeling},
  author={Soneson, Joshua E},
  journal={IEEE {T}ransactions on {U}ltrasonics, {F}erroelectrics, and {F}requency control},
  volume={64},
  number={4},
  pages={679--687},
  year={2017},
  publisher={IEEE}
}

@article{chen2004fractional,
  title={Fractional {L}aplacian time-space models for linear and nonlinear lossy media exhibiting arbitrary frequency power-law dependency},
  author={Chen, Wen and Holm, Sverre},
  journal={The Journal of the Acoustical Society of America},
  volume={115},
  number={4},
  pages={1424--1430},
  year={2004},
  publisher={Acoustical Society of America}
}

@article{szabo1994time,
  title={Time domain wave equations for lossy media obeying a frequency power law},
  author={Szabo, Thomas L},
  journal={The Journal of the Acoustical Society of America},
  volume={96},
  number={1},
  pages={491--500},
  year={1994},
  publisher={Acoustical Society of America}
}

@book{colton2019inverse,
  title={Inverse acoustic and electromagnetic scattering theory},
  author={Colton, David and Kress, Rainer},
  volume={93},
  year={2019},
  publisher={Springer Nature}
}

@article{pinton2009heterogeneous,
  title={A heterogeneous nonlinear attenuating full-wave model of ultrasound},
  author={Pinton, Gianmarco F and Dahl, Jeremy and Rosenzweig, Stephen and Trahey, Gregg E},
  journal={IEEE {T}ransactions on {U}ltrasonics, {F}erroelectrics, and {F}requency control},
  volume={56},
  number={3},
  pages={474--488},
  year={2009},
  publisher={IEEE}
}

@incollection{costabel2015spectrum,
  title={On the spectrum of volume integral operators in acoustic scattering},
  author={Costabel, Martin},
  booktitle={Integral Methods in Science and Engineering},
  pages={119--127},
  year={2015},
  publisher={Springer}
}

@book{colton2013integral,
  title={Integral equation methods in scattering theory},
  author={Colton, David and Kress, Rainer},
  volume={72},
  year={2013},
  publisher={SIAM}
}

@article{groth2020accelerating,
  title={Accelerating the discrete dipole approximation via circulant preconditioning},
  author={Groth, Samuel P and Polimeridis, Athanasios G and White, Jacob K},
  journal={Journal of Quantitative Spectroscopy and Radiative Transfer},
  volume={240},
  pages={106689},
  year={2020},
  publisher={Elsevier}
}

@article{solovchuk2014temperature,
  title={Temperature elevation by {H}{I}{F}{U} in ex vivo porcine muscle: {M}{R}{I} measurement and simulation study},
  author={Solovchuk, Maxim A and Hwang, San Chao and Chang, Hsu and Thiriet, Marc and Sheu, Tony WH},
  journal={Medical physics},
  volume={41},
  number={5},
  pages={052903},
  year={2014},
  publisher={Wiley Online Library}
}

@incollection{schilders2008introduction,
  title={Introduction to model order reduction},
  author={Schilders, Wil},
  booktitle={Model order reduction: Theory, research aspects and applications},
  pages={3--32},
  year={2008},
  publisher={Springer}
}

@book{kinsler1999fundamentals,
  title={Fundamentals of {A}coustics},
  author={Kinsler, Lawrence E and Frey, Austin R and Coppens, Alan B and Sanders, James V},
  year={1999},
  publisher={Wiley}
}

@article{lether1971generalized,
  title={A generalized product rule for the circle},
  author={Lether, Frank G},
  journal={SIAM Journal on Numerical Analysis},
  volume={8},
  number={2},
  pages={249--253},
  year={1971},
  publisher={SIAM}
}

@article{grote2015runge,
  title={Runge--Kutta-based explicit local time-stepping methods for wave propagation},
  author={Grote, Marcus J and Mehlin, Michaela and Mitkova, Teodora},
  journal={SIAM journal on scientific computing},
  volume={37},
  number={2},
  pages={A747--A775},
  year={2015},
  publisher={SIAM}
}

@incollection{marburg2008discretization,
  title={Discretization requirements: How many elements per wavelength are necessary?},
  author={Marburg, Steffen},
  booktitle={Computational Acoustics of Noise Propagation in Fluids-Finite and Boundary Element Methods},
  pages={309--332},
  year={2008},
  publisher={Springer}
}

@misc{sonic2,
  title = {{Sonic Concepts} transducers},
  howpublished = {\url{https://sonicconcepts.com/transducer-selection-guide/}},
  note = {Accessed: 2020-08-19}
}

@manual{sonic,
      title  = "{Sonic Concepts} transducers",
      author = "{Sonic Concepts}",
      url    = "https://sonicconcepts.com/transducer-selection-guide",
      year   = "Accessed: 2020-08-19"
  }

@article{gelat2011modelling,
  title={Modelling of the acoustic field of a multi-element {H}{I}{F}{U} array scattered by human ribs},
  author={G{\'e}lat, Pierre and Ter Haar, Gail and Saffari, Nader},
  journal={Physics in Medicine \& Biology},
  volume={56},
  number={17},
  pages={5553},
  year={2011},
  publisher={IOP Publishing}
}

@article{gavrilov2000theoretical,
  title={A theoretical assessment of the relative performance of spherical phased arrays for ultrasound surgery},
  author={Gavrilov, Leonid R and Hand, Jeffrey W},
  journal={{I}{E}{E}{E} {T}ransactions on {U}ltrasonics, {F}erroelectrics, and {F}requency {C}ontrol},
  volume={47},
  number={1},
  pages={125--139},
  year={2000},
  publisher={IEEE}
}

@article{deserno2004generate,
  title={How to generate equidistributed points on the surface of a sphere},
  author={Deserno, Markus},
  journal={If Polymerforshung (Ed.)},
  pages={99},
  year={2004}
}

@book{duck2013physical,
  title={Physical properties of tissues: a comprehensive reference book},
  author={Duck, Francis A},
  year={2013},
  publisher={Academic press}
}

@book{azhari2010basics,
  title={Basics of biomedical ultrasound for engineers},
  author={Azhari, Haim},
  year={2010},
  publisher={John Wiley \& Sons}
}

@Article{FFTW05,
  author = 	 {Frigo, Matteo and Johnson, Steven~G.},
  title = 	 {The Design and Implementation of {FFTW3}},
  journal = 	 {Proceedings of the IEEE},
  year = 	 2005,
  volume =	 93,
  number =	 2,
  pages =	 {216--231},
  note =	 {Special issue on ``Program Generation, Optimization, and Platform Adaptation''}
}

@article{solovchuk2013simulation,
  title={Simulation of nonlinear {W}estervelt equation for the investigation of acoustic streaming and nonlinear propagation effects},
  author={Solovchuk, Maxim and Sheu, Tony WH and Thiriet, Marc},
  journal={The Journal of the Acoustical Society of America},
  volume={134},
  number={5},
  pages={3931--3942},
  year={2013},
  publisher={Acoustical Society of America}
}

@article{jaros2016full,
  title={Full-wave nonlinear ultrasound simulation on distributed clusters with applications in high-intensity focused ultrasound},
  author={Jaros, Jiri and Rendell, Alistair P and Treeby, Bradley E},
  journal={The International Journal of High Performance Computing Applications},
  volume={30},
  number={2},
  pages={137--155},
  year={2016},
  publisher={Sage Publications Sage UK: London, England}
}

@article{camarena2013nonlinear,
  title={Nonlinear focal shift beyond the geometrical focus in moderately focused acoustic beams},
  author={Camarena, Francisco and Adri{\'a}n-Mart{\'\i}nez, Silvia and Jim{\'e}nez, No{\'e} and S{\'a}nchez-Morcillo, V{\'\i}ctor},
  journal={The Journal of the Acoustical Society of America},
  volume={134},
  number={2},
  pages={1463--1472},
  year={2013},
  publisher={Acoustical Society of America}
}

@misc{jones2001scipy,
  added-at = {2014-03-10T15:36:41.000+0100},
  author = {Jones, Eric and Oliphant, Travis and Peterson, Pearu and others},
  biburl = {https://www.bibsonomy.org/bibtex/21b37d2cc741af879d7958f2f7c23c420/microcuts},
  description = {Citing SciPy library — SciPy.org},
  interhash = {b3c160458abf36c0abe044ee9bf1d95a},
  intrahash = {1b37d2cc741af879d7958f2f7c23c420},
  keywords = {agn},
  timestamp = {2014-03-10T15:36:41.000+0100},
  title = {{SciPy}: Open source scientific tools for {Python}},
  url = {http://www.scipy.org/},
  year = {2001--}
}

@article{haddadi2018numerical,
  title={Numerical and Experimental Evaluation of High-Intensity Focused Ultrasound--Induced Lesions in Liver Tissue Ex Vivo},
  author={Haddadi, Samaneh and Ahmadian, Mohammad Taghi},
  journal={Journal of Ultrasound in Medicine},
  volume={37},
  number={6},
  pages={1481--1491},
  year={2018},
  publisher={Wiley Online Library}
}

@article{vlaisavljevich2013image,
  title={Image-guided non-invasive ultrasound liver ablation using histotripsy: feasibility study in an in vivo porcine model},
  author={Vlaisavljevich, Eli and Kim, Yohan and Allen, Steven and Owens, Gabe and Pelletier, Shawn and Cain, Charles and Ives, Kimberly and Xu, Zhen},
  journal={Ultrasound in medicine \& biology},
  volume={39},
  number={8},
  pages={1398--1409},
  year={2013},
  publisher={Elsevier}
}

@article{vaezy1998hemostasis,
  title={Hemostasis of punctured blood vessels using high-intensity focused ultrasound},
  author={Vaezy, Shahram and Martin, Roy and Yaziji, Hadi and Kaczkowski, Peter and Keilman, George and Carter, Steve and Caps, Michael and Chi, Emil Y and Bailey, Michael and Crum, Lawrence},
  journal={Ultrasound in medicine \& biology},
  volume={24},
  number={6},
  pages={903--910},
  year={1998},
  publisher={Elsevier}
}

@article{shaw2014pathophysiological,
  title={Pathophysiological mechanisms of high-intensity focused ultrasound-mediated vascular occlusion and relevance to non-invasive fetal surgery},
  author={Shaw, CJ and Ter Haar, GR and Rivens, IH and Giussani, DA and Lees, CC},
  journal={Journal of The Royal Society Interface},
  volume={11},
  number={95},
  pages={20140029},
  year={2014},
  publisher={The Royal Society}
}

@article{izadifar2017mechanical,
  title={Mechanical and biological effects of ultrasound: A review of present knowledge},
  author={Izadifar, Zahra and Babyn, Paul and Chapman, Dean},
  journal={Ultrasound in medicine \& biology},
  volume={43},
  number={6},
  pages={1085--1104},
  year={2017},
  publisher={Elsevier}
}

@article{van2017thermal,
  title={Thermal and mechanical high-intensity focused ultrasound: perspectives on tumor ablation, immune effects and combination strategies},
  author={van den Bijgaart, Renske JE and Eikelenboom, Dylan C and Hoogenboom, Martijn and F{\"u}tterer, Jurgen J and den Brok, Martijn H and Adema, Gosse J},
  journal={Cancer Immunology, Immunotherapy},
  volume={66},
  number={2},
  pages={247--258},
  year={2017},
  publisher={Springer}
}

@article{maxwell2011cavitation,
  title={Cavitation clouds created by shock scattering from bubbles during histotripsy},
  author={Maxwell, Adam D and Wang, Tzu-Yin and Cain, Charles A and Fowlkes, J Brian and Sapozhnikov, Oleg A and Bailey, Michael R and Xu, Zhen},
  journal={The Journal of the Acoustical Society of America},
  volume={130},
  number={4},
  pages={1888--1898},
  year={2011},
  publisher={Acoustical Society of America}
}

@article{khokhlova2011controlled,
  title={Controlled tissue emulsification produced by high intensity focused ultrasound shock waves and millisecond boiling},
  author={Khokhlova, Tatiana D and Canney, Michael S and Khokhlova, Vera A and Sapozhnikov, Oleg A and Crum, Lawrence A and Bailey, Michael R},
  journal={The Journal of the Acoustical Society of America},
  volume={130},
  number={5},
  pages={3498--3510},
  year={2011},
  publisher={Acoustical Society of America}
}



